% Encoding: UTF-8
@Book{Ludewig,
  author    = {Jochen Ludewig},
  title     = {Software Engineering: Grundlagen, Menschen, Prozesse, Techniken},
  year      = {2013},
  publisher = {d.punkt Verlag GmbH},
  isbn      = {978-3-864-90092-1},
}

@Book{umlAtCladdroom,
  author    = {Seidl, M.; Brandsteidl, M.; Huemer, Ch.; Kappel, G.},
  title     = {UML@Classroom},
  year      = {2012},
  publisher = {d.punkt Verlag GmbH},
  isbn      = {978-3-898-64776-2},
}

@Book{Balzert,
  author    = {H. Balzert},
  title     = {Lehrbuch der Softwaretechnik. Entwurf, Implementierung, Installation und Betrieb },
  year      = {2011},
  publisher = {Springer-Verlag}
}

@Book{Humble,
  author    = {Humble J. et al.},
  title     = {Lean Enterprise.},
  year      = {2017},
  publisher = {dpunkt.verlag GmbH},
  isbn      = {978-3-960-09020-5},
}

@Book{OWASP,
  author    = {The Open Web Application Security Project},
  title     = {OWASP},
  url       = {https://owasp.org/},
  urldate   = {2020-06-07}
}

